% IEEEtran bibliography style file for IEEE Transactions and Journals
% Modified from the original IEEE.bst file to match the required IEEE format

@article{blazepose,
    author = {Bazarevsky, Valentin and Grishchenko, Ivan and Raveendran, Karthik and Zhu, Tyler and Zhang, Fan and Grundmann, Matthias},
    title = {BlazePose: On-device Real-time Body Pose Tracking},
    journal = {CVPR Workshop on Computer Vision for Augmented and Virtual Reality},
    year = {2020}
}

@article{mediapipe,
    author = {Lugaresi, Camillo and Tang, Jiuqiang and Nash, Hadon and McClanahan, Chris and Uboweja, Esha and Hays, Michael and Zhang, Fan and Chang, Chuo-Ling and Yong, Ming Guang and Lee, Juhyun and Chang, Wan-Teh and Hua, Wei and Georg, Manfred and Grundmann, Matthias},
    title = {MediaPipe: A Framework for Building Perception Pipelines},
    journal = {arXiv:1906.08172},
    year = {2019}
}

@article{rf,
    author = {Breiman, Leo},
    title = {Random Forests},
    journal = {Machine Learning},
    volume = {45},
    number = {1},
    pages = {5--32},
    year = {2001}
}

@inproceedings{xgboost,
    author = {Chen, Tianqi and Guestrin, Carlos},
    title = {XGBoost: A Scalable Tree Boosting System},
    booktitle = {Proceedings of the 22nd ACM SIGKDD International Conference on Knowledge Discovery and Data Mining},
    pages = {785--794},
    year = {2016}
}

@article{har_survey,
    author = {Demrozi, Florenc and Pravadelli, Graziano and Bihorac, Azra and Rashidi, Parisa},
    title = {Human Activity Recognition Using Inertial, Physiological and Environmental Sensors: A Comprehensive Survey},
    journal = {IEEE Access},
    volume = {8},
    pages = {210816--210836},
    year = {2020}
}

@article{pose_exercise,
    author = {Biswas, Saikat and Das, Souvik and Saba, Eshtiak and Morshed, Bashir I.},
    title = {Heart Rate Estimation from Wrist-worn Photoplethysmography During Intensive Exercise: An Empirical Study on the Effect of Wrist-band Attachment and External Pressure Applied},
    journal = {IEEE Sensors Journal},
    year = {2021}
}

@inproceedings{rep_counting,
    author = {Khurana, Arpan and Mittal, Anurag},
    title = {An Automatic Repetition Counting Approach for Exercise Movements},
    booktitle = {IEEE International Conference on Image Processing},
    pages = {1316--1320},
    year = {2017}
}

@inproceedings{pose_transformer,
    author = {Liu, Zhuang and Mao, Hanzi and Wu, Chao-Yuan and Feichtenhofer, Christoph and Darrell, Trevor and Xie, Saining},
    title = {A ConvNet for the 2020s},
    booktitle = {Proceedings of the IEEE/CVF Conference on Computer Vision and Pattern Recognition},
    pages = {11976--11986},
    year = {2022}
}

@inproceedings{exercise_form,
    author = {Velloso, Eduardo and Bulling, Andreas and Gellersen, Hans and Ugulino, Wallace and Fuks, Hugo},
    title = {Qualitative Activity Recognition of Weight Lifting Exercises},
    booktitle = {Proceedings of the 4th Augmented Human International Conference},
    pages = {116--123},
    year = {2013}
}

@article{skeleton_based,
    author = {Li, Chao and Cui, Zhiyong and Zheng, Wenming and Xu, Chunyan and Ji, Rongrong and Yang, Jian},
    title = {Action-Attending Graphic Neural Network},
    journal = {IEEE Transactions on Image Processing},
    volume = {27},
    number = {7},
    pages = {3562--3571},
    year = {2018}
}